
@article{Alwall:2011uj,
      author         = "Alwall, Johan and Herquet, Michel and Maltoni, Fabio and
                        Mattelaer, Olivier and Stelzer, Tim",
      title          = "MadGraph 5: going beyond",
      journal        = "JHEP",
      volume         = "06",
      pages          = "128",
      doi            = "10.1007/JHEP06(2011)128",
      year           = "2011",
      eprint         = "1106.0522",
      archivePrefix  = "arXiv",
      primaryClass   = "hep-ph",
      reportNumber   = "FERMILAB-PUB-11-448-T",
      SLACcitation   = "%%CITATION = ARXIV:1106.0522;%%",
}


@article{Khachatryan:2016trj,
	author         = "Khachatryan, Vardan and others",
	title          = "{Search for electroweak production of charginos in final
	states with two tau leptons in pp collisions at sqrt(s) =
	8 TeV}",
	collaboration  = "CMS",
	year           = "2016",
	eprint         = "1610.04870",
	archivePrefix  = "arXiv",
	primaryClass   = "hep-ex",
	reportNumber   = "CMS-SUS-14-022, CERN-EP-2016-225",
	SLACcitation   = "%%CITATION = ARXIV:1610.04870;%%"
}


@article{ATLAS:2016ecs,
	author         = "Aad, G. and others",
	collaboration  = "ATLAS",
	title          = "{Search for new resonances decaying to a charged lepton
	and a neutrino in pp collisions at $\sqrt{s} = 13$ TeV
	with the ATLAS detector}",
	collaboration  = "ATLAS",
	year           = "2016",
	reportNumber   = "ATLAS-CONF-2016-061",
	eprint         = "ATLAS-CONF-2016-061",
	SLACcitation   = "%%CITATION = ATLAS-CONF-2016-061;%%"
}


@article{Sullivan:2002jt,
	author         = "Sullivan, Zack",
	title          = "{Fully differential $W^\prime$ production and decay at
	next-to-leading order in QCD}",
	journal        = "Phys. Rev.",
	volume         = "D66",
	year           = "2002",
	pages          = "075011",
	doi            = "10.1103/PhysRevD.66.075011",
	eprint         = "hep-ph/0207290",
	archivePrefix  = "arXiv",
	primaryClass   = "hep-ph",
	reportNumber   = "FERMILAB-PUB-02-165-T",
	SLACcitation   = "%%CITATION = HEP-PH/0207290;%%"
}